<?xml version="1.0" encoding="UTF-8"?><record xmlns="http://www.loc.gov/MARC21/slim" xmlns:cinclude="http://apache.org/cocoon/include/1.0" xmlns:zs="http://www.loc.gov/zing/srw/">
  <leader>00457nz  a2200133n  4500</leader>
  <controlfield tag="001">nb2008009862</controlfield>
  <controlfield tag="003">DLC</controlfield>
  <controlfield tag="005">20080509080138.0</controlfield>
  <controlfield tag="008">080507n| acannaabn          |n ana      </controlfield>
  <datafield tag="010" ind1=" " ind2=" ">
    <subfield code="a">nb2008009862</subfield>
  </datafield>
  <datafield tag="035" ind1=" " ind2=" ">
    <subfield code="a">(Uk)007116075</subfield>
  </datafield>
  <datafield tag="040" ind1=" " ind2=" ">
    <subfield code="a">Uk</subfield>
    <subfield code="b">eng</subfield>
    <subfield code="c">Uk</subfield>
  </datafield>
  <datafield tag="110" ind1="1" ind2=" ">
    <subfield code="a">Pontedera (Italy).</subfield>
    <subfield code="b">Assessorato alla cultura e Commissione pari opportunitaĚ</subfield>
  </datafield>
  <datafield tag="670" ind1=" " ind2=" ">
    <subfield code="a">Costumi di lana, 2007:</subfield>
    <subfield code="b">t.p. (Comune di Pontedera - Assessorato alla cultura e Commissione pari opportunitaĚ)</subfield>
  </datafield>
</record>